@article{rodriguez1,
author = {Rodríguez, Alfredo and Sosa, David and Torres, Leda and Molina, Bertha and Frías, Sara and Mendoza, Luis},
title = {A {Boolean} network model of the {FA/BRCA} pathway},
journal = {Bioinformatics},
volume = {28},
number = {6},
pages = {858},
year = {2012},
doi = {10.1093/bioinformatics/bts036},
URL = { + http://dx.doi.org/10.1093/bioinformatics/bts036},
eprint = {/oup/backfile/Content_public/Journal/bioinformatics/28/6/10.1093/bioinformatics/bts036/2/bts036.pdf}
}

@ARTICLE{nsga2, 
author={K. Deb and A. Pratap and S. Agarwal and T. Meyarivan}, 
journal={IEEE Transactions on Evolutionary Computation}, 
title={A fast and elitist multiobjective genetic algorithm: {NSGA-II}}, 
year={2002}, 
volume={6}, 
number={2}, 
pages={182-197}, 
doi={10.1109/4235.996017}, 
ISSN={1089-778X}, 
month={Apr},}

@article{deap,
    author    = " F\'elix-Antoine Fortin and Fran\c{c}ois-Michel {De Rainville} and Marc-Andr\'e Gardner and Marc Parizeau and Christian Gagn\'e ",
    title     = { {DEAP}: Evolutionary Algorithms Made Easy },
    pages    = { 2171--2175 },
    volume    = { 13 },
    month     = { Jul },
    year      = { 2012 },
    journal   = { Journal of Machine Learning Research }
}
